<?xml version="1.0" encoding="UTF-8"?><collection xmlns="http://www.loc.gov/MARC21/slim"><record><leader>00433nam--2200133-i-4500</leader><controlfield tag="001">000037043</controlfield><controlfield tag="002">20161230</controlfield><controlfield tag="005">20161230201041</controlfield><controlfield tag="008">060222s1000------------r-----000-0-eng-d</controlfield><datafield ind1=" " ind2=" " tag="080"><subfield code="a">512:514:517.2(076.1)</subfield></datafield><datafield ind1=" " ind2=" " tag="245"><subfield code="a">Probleme de algebra, geometrie si ecuatii diferentiale</subfield></datafield><datafield ind1=" " ind2=" " tag="260"><subfield code="a">Bucuresti, Ed.Didact.Si Pedag., 1981, 327p</subfield></datafield><datafield ind1=" " ind2=" " tag="700"><subfield code="a">Udriste, Constantin., Radu, Constantin., Malacioiu, Odetta Si Dicu, Constantin</subfield></datafield><datafield ind1=" " ind2=" " tag="852"><subfield code="a">49420</subfield></datafield></record></collection>